@Book{lamport:86,
  author =    {Leslie Lamport},
  title =        {\LaTeX: A document preparation system},
  publisher =    {Addision-Wesley},
  year =         1986
}

@Book{latexcompanion,
  author =       {Michel Goossens and Frank Mittelbach and Alexander Samarin},
  title =        {The \LaTeX\ Companion},
  publisher =    {Addison-Wesley},
  year =         1993,
  address =      {Reading, Massachusetts},
}


@Article{einstein:905,
  author =       {Albert Einstein},
  title =        {On the electrodynamics of moving bodies},
  journal =      {Annalen der Physik},
  year =         1905,
  volume =       322,
  number =       10,
  pages =        {891--921},
  DOI =          "http://dx.doi.org/10.1002/andp.19053221004"
 }

@Misc{py:python,
  author =    {Guido van Rossum and others},
  title =     {The {Python} programming language},
  year =         {1991--},
  url = "http://www.python.org/"
}
